@article{DBLP:journals/cse/TheisW17,
  author    = {Thomas N. Theis and
               H.{-}S. Philip Wong},
  title     = {The End of Moore's Law: {A} New Beginning for Information Technology},
  journal   = {Comput. Sci. Eng.},
  volume    = {19},
  number    = {2},
  pages     = {41--50},
  year      = {2017},
  url       = {https://doi.org/10.1109/MCSE.2017.29},
  doi       = {10.1109/MCSE.2017.29},
  timestamp = {Thu, 12 Mar 2020 15:58:13 +0100},
  biburl    = {https://dblp.org/rec/journals/cse/TheisW17.bib},
  bibsource = {dblp computer science bibliography, https://dblp.org}
}

@inproceedings{DBLP:conf/afips/Amdahl67,
  author    = {Gene M. Amdahl},
  title     = {Validity of the single processor approach to achieving large scale
               computing capabilities},
  booktitle = {American Federation of Information Processing Societies: Proceedings
               of the {AFIPS} '67 Spring Joint Computer Conference, April 18-20,
               1967, Atlantic City, New Jersey, {USA}},
  series    = {{AFIPS} Conference Proceedings},
  volume    = {30},
  pages     = {483--485},
  publisher = {{AFIPS} / {ACM} / Thomson Book Company, Washington {D.C.}},
  year      = {1967},
  url       = {https://doi.org/10.1145/1465482.1465560},
  doi       = {10.1145/1465482.1465560},
  timestamp = {Wed, 14 Nov 2018 10:57:48 +0100},
  biburl    = {https://dblp.org/rec/conf/afips/Amdahl67.bib},
  bibsource = {dblp computer science bibliography, https://dblp.org}
}

@article{DBLP:journals/computer/Amdahl13,
  author    = {Gene M. Amdahl},
  title     = {Computer Architecture and Amdahl's Law},
  journal   = {Computer},
  volume    = {46},
  number    = {12},
  pages     = {38--46},
  year      = {2013},
  url       = {https://doi.org/10.1109/MC.2013.418},
  doi       = {10.1109/MC.2013.418},
  timestamp = {Wed, 12 Aug 2020 10:29:34 +0200},
  biburl    = {https://dblp.org/rec/journals/computer/Amdahl13.bib},
  bibsource = {dblp computer science bibliography, https://dblp.org}
}

@article{DBLP:journals/cacm/Gustafson88,
  author    = {John L. Gustafson},
  title     = {Reevaluating Amdahl's Law},
  journal   = {Commun. {ACM}},
  volume    = {31},
  number    = {5},
  pages     = {532--533},
  year      = {1988},
  url       = {https://doi.org/10.1145/42411.42415},
  doi       = {10.1145/42411.42415},
  timestamp = {Wed, 14 Nov 2018 10:22:30 +0100},
  biburl    = {https://dblp.org/rec/journals/cacm/Gustafson88.bib},
  bibsource = {dblp computer science bibliography, https://dblp.org}
}

@article{DBLP:journals/queue/McDougall05,
  author    = {Richard McDougall},
  title     = {Extreme software scaling},
  journal   = {{ACM} Queue},
  volume    = {3},
  number    = {7},
  pages     = {36--46},
  year      = {2005},
  url       = {https://doi.org/10.1145/1095408.1095419},
  doi       = {10.1145/1095408.1095419},
  timestamp = {Tue, 06 Nov 2018 12:51:55 +0100},
  biburl    = {https://dblp.org/rec/journals/queue/McDougall05.bib},
  bibsource = {dblp computer science bibliography, https://dblp.org}
}

@article{DBLP:journals/usenix-login/McDougallL06,
  author    = {Richard McDougall and
               James Laudon},
  title     = {Multi-Core Microprocessors Are Here},
  journal   = {login Usenix Mag.},
  volume    = {31},
  number    = {5},
  year      = {2006},
  url       = {https://www.usenix.org/publications/login/october-2006-volume-31-number-5/multi-core-microprocessors-are-here},
  timestamp = {Thu, 02 Apr 2020 08:41:50 +0200},
  biburl    = {https://dblp.org/rec/journals/usenix-login/McDougallL06.bib},
  bibsource = {dblp computer science bibliography, https://dblp.org}
}

@book{DBLP:books/daglib/0020056,
  author    = {Maurice Herlihy and
               Nir Shavit},
  title     = {The art of multiprocessor programming},
  publisher = {Morgan Kaufmann},
  year      = {2008},
  isbn      = {978-0-12-370591-4},
  timestamp = {Thu, 10 Feb 2011 14:09:19 +0100},
  biburl    = {https://dblp.org/rec/books/daglib/0020056.bib},
  bibsource = {dblp computer science bibliography, https://dblp.org}
}

@inproceedings{DBLP:conf/uai/NeiswangerWX14,
  author    = {Willie Neiswanger and
               Chong Wang and
               Eric P. Xing},
  editor    = {Nevin L. Zhang and
               Jin Tian},
  title     = {Asymptotically Exact, Embarrassingly Parallel {MCMC}},
  booktitle = {Proceedings of the Thirtieth Conference on Uncertainty in Artificial
               Intelligence, {UAI} 2014, Quebec City, Quebec, Canada, July 23-27,
               2014},
  pages     = {623--632},
  publisher = {{AUAI} Press},
  year      = {2014},
  url       = {https://dslpitt.org/uai/displayArticleDetails.jsp?mmnu=1\&smnu=2\&article\_id=2498\&proceeding\_id=30},
  timestamp = {Tue, 30 Jan 2018 12:57:22 +0100},
  biburl    = {https://dblp.org/rec/conf/uai/NeiswangerWX14.bib},
  bibsource = {dblp computer science bibliography, https://dblp.org}
}

@article{DBLP:journals/jair/MalapertRR16,
  author    = {Arnaud Malapert and
               Jean{-}Charles R{\'{e}}gin and
               Mohamed Rezgui},
  title     = {Embarrassingly Parallel Search in Constraint Programming},
  journal   = {J. Artif. Intell. Res.},
  volume    = {57},
  pages     = {421--464},
  year      = {2016},
  url       = {https://doi.org/10.1613/jair.5247},
  doi       = {10.1613/jair.5247},
  timestamp = {Mon, 21 Jan 2019 15:01:17 +0100},
  biburl    = {https://dblp.org/rec/journals/jair/MalapertRR16.bib},
  bibsource = {dblp computer science bibliography, https://dblp.org}
}

@article{blake_2009,
  author    = {Geoffrey Blake and
               Ronald G. Dreslinski and
               Trevor N. Mudge},
  title     = {A survey of multicore processors},
  journal   = {{IEEE} Signal Process. Mag.},
  volume    = {26},
  number    = {6},
  pages     = {26--37},
  year      = {2009},
  url       = {https://doi.org/10.1109/MSP.2009.934110},
  doi       = {10.1109/MSP.2009.934110},
  timestamp = {Mon, 25 May 2020 16:34:00 +0200},
  biburl    = {https://dblp.org/rec/journals/spm/BlakeDM09.bib},
  bibsource = {dblp computer science bibliography, https://dblp.org}
}

@book{patterson-hennessy,
  author    = {David A. Patterson and
               John L. Hennessy},
  title     = {Computer Organization and Design - The Hardware / Software Interface
               (Revised 4th Edition)},
  series    = {The Morgan Kaufmann Series in Computer Architecture and Design},
  publisher = {Academic Press},
  year      = {2012},
  url       = {http://www.elsevierdirect.com/product.jsp?isbn=9780123747501},
  isbn      = {978-0-12-374750-1},
  timestamp = {Sat, 03 Mar 2012 12:27:52 +0100},
  biburl    = {https://dblp.org/rec/books/daglib/0028245.bib},
  bibsource = {dblp computer science bibliography, https://dblp.org}
}

@book{stallings,
  author    = {William Stallings},
  title     = {Computer Organization and Architecture - Designing for Performance
               {(7.} ed.)},
  publisher = {Pearson / Prentice Hall},
  year      = {2006},
  isbn      = {978-0-13-185644-8},
  timestamp = {Thu, 24 Mar 2011 18:59:40 +0100},
  biburl    = {https://dblp.org/rec/books/daglib/0022093.bib},
  bibsource = {dblp computer science bibliography, https://dblp.org}
}

@misc{ibm100-power4, 
 title={Power 4: The First Multi-Core, 1GHz Processor}, 
 url={https://www.ibm.com/ibm/history/ibm100/us/en/icons/power4/}, 
 journal={IBM100 - Power 4 : The First Multi-Core, 1GHz Processor}
} 

@misc{power4,
 author = "{IBM}",
 title = "Power 4: The First Multi-Core, {1GHz} Processor",
 year = "2020",
 howpublished = "\url{https://www.ibm.com/ibm/history/ibm100/us/en/icons/power4/}",
 note = "[Online; accessed 20-October-2020]"
}

@misc{infos,
 author = "{T Spink}",
 title = "{InfOS}",
 year = "2020",
 howpublished = "\url{https://github.com/tspink/infos}",
 note = "[Online; accessed 20-October-2020]"
}

@misc{ug3os,
 title = "{UG3 Operating Systems Course}",
 year = "2020",
 howpublished = "\url{https://www.learn.ed.ac.uk/webapps/blackboard/content/listContent.jsp?course_id=_72744_1&content_id=_3853680_1}",
 note = "[Online; accessed 20-October-2020]"
}

@misc{top500,
 title = "{The TOP500 Project}",
 year = "2020",
 howpublished = "\url{https://www.top500.org/lists/top500/2020/06/}",
 note = "[Online; accessed 22-October-2020]"
}

@misc{a64fx,
 title = "{Fujitsu A64FX}",
 year = "2020",
 howpublished = "\url{https://www.fujitsu.com/global/products/computing/servers/supercomputer/a64fx/}",
 note = "[Online; accessed 22-October-2020]"
}

@misc{sunway,
 title = "{Sunway TaihuLight}",
 year = "2020",
 howpublished = "\url{https://www.top500.org/system/178764/}",
 note = "[Online; accessed 22-October-2020]"
}


@misc{intel-sys-prog-guide,
 title = "{Intel 64 and IA-32 Architectures Software Developer's Manual, Volume 3A: System Programming Guide, Part 1}",
 year = "2020",
 howpublished = "\url{https://www.intel.com/content/dam/www/public/us/en/documents/manuals/64-ia-32-architectures-software-developer-vol-3a-part-1-manual.pdf}",
 note = "[Online; accessed 20-October-2020]"
}

@misc{intel-full-manual,
 title = "{Intel® 64 and IA-32 Architectures Software Developer’s Manual Combined Volumes: 1, 2A, 2B, 2C, 2D, 3A, 3B, 3C, 3D, and 4}",
 year = "2021",
 howpublished = "\url{https://software.intel.com/content/www/us/en/develop/download/intel-64-and-ia-32-architectures-sdm-combined-volumes-1-2a-2b-2c-2d-3a-3b-3c-3d-and-4.html}",
 note = "[Online; accessed 24-February-2021]"
}

@misc{cpp-core,
 title = "{C++ core language}",
 year = "2021",
 howpublished = "\url{https://en.wikipedia.org/wiki/C\%2B\%2B#Standard_library}",
 note = "[Online; accessed 24-February-2021]"
}


@misc{osdev-madt,
 title = "{MADT - OS Dev Wiki}",
 year = "2021",
 howpublished = "\url{https://wiki.osdev.org/MADT}",
 note = "[Online; accessed 24-February-2021]"
}

@misc{qemu,
 title = "{QEMU Processor Emulator}",
 year = "2021",
 howpublished = "\url{https://www.qemu.org/}",
 note = "[Online; accessed 24-February-2021]"
}

@misc{big.little,
 title = "{big.LITTLE}",
 year = "2020",
 howpublished = "\url{https://www.arm.com/why-arm/technologies/big-little}",
 note = "[Online; accessed 22-October-2020]"
}

@article{moore_1998,
 title={Cramming More Components Onto Integrated Circuits}, 
 volume={86},
 DOI={10.1109/jproc.1998.658762},
 number={1},
 journal={Proceedings of the IEEE},
 author={Moore, G.E.},
 year={1998},
 pages={82-85}
}

@article{moore_2006,
 title={Progress in digital integrated electronics},
 volume={11},
 DOI={10.1109/n-ssc.2006.4804410},
 number={3},
 journal={IEEE Solid-State Circuits Society Newsletter},
 author={Moore, Gordon E.},
 year={2006},
 pages={36-37}
}

@article{dennard_1999,
 title={Design Of Ion-implanted {MOSFET's} with Very Small Physical Dimensions},
 volume={87},
 DOI={10.1109/jproc.1999.752522},
 number={4},
 journal={Proceedings of the IEEE},
 author={Dennard, R.H. and Gaensslen, F.H. and Hwa-Nien Yu and Rideout, V.L. and Bassous, E. and Leblanc, A.R.},
 year={1999},
 pages={668-678}
}

@article{bohr_2007,
 title={A 30 Year Retrospective on {Dennard's MOSFET} Scaling Paper},
 volume={12},
 DOI={10.1109/n-ssc.2007.4785534},
 number={1},
 journal={IEEE Solid-State Circuits Newsletter},
 author={Bohr, Mark},
 year={2007},[
 pages={11-13}
}

@inproceedings{berkel_2009,
  author={C. H. {van Berkel}},
  booktitle={2009 Design, Automation Test in Europe Conference Exhibition}, 
  title={Multi-core for mobile phones}, 
  year={2009},
  pages={1260-1265}
}

@inproceedings{borkar_2007,
  author    = {Shekhar Borkar},
  title     = {Thousand Core Chips - A Technology Perspective},
  booktitle = {Proceedings of the 44th Design Automation Conference, {DAC} 2007,
               San Diego, CA, USA, June 4-8, 2007},
  pages     = {746--749},
  publisher = {{IEEE}},
  year      = {2007},
  url       = {https://doi.org/10.1145/1278480.1278667},
  doi       = {10.1145/1278480.1278667},
  timestamp = {Tue, 06 Nov 2018 16:58:16 +0100},
  biburl    = {https://dblp.org/rec/conf/dac/Borkar07.bib},
  bibsource = {dblp computer science bibliography, https://dblp.org}
}

@article{geer_2005,
  author    = {David Geer},
  title     = {Industry Trends: Chip Makers Turn to Multicore Processors},
  journal   = {Computer},
  volume    = {38},
  number    = {5},
  pages     = {11--13},
  year      = {2005},
  url       = {https://doi.org/10.1109/MC.2005.160},
  doi       = {10.1109/MC.2005.160},
  timestamp = {Wed, 12 Aug 2020 10:32:27 +0200},
  biburl    = {https://dblp.org/rec/journals/computer/Geer05d.bib},
  bibsource = {dblp computer science bibliography, https://dblp.org}
}

@inproceedings{balakrishnan_2005,
  author    = {Saisanthosh Balakrishnan and
               Ravi Rajwar and
               Michael Upton and
               Konrad K. Lai},
  title     = {The Impact of Performance Asymmetry in Emerging Multicore Architectures},
  booktitle = {32st International Symposium on Computer Architecture {(ISCA} 2005),
               4-8 June 2005, Madison, Wisconsin, {USA}},
  pages     = {506--517},
  publisher = {{IEEE} Computer Society},
  year      = {2005},
  url       = {https://doi.org/10.1109/ISCA.2005.51},
  doi       = {10.1109/ISCA.2005.51},
  timestamp = {Wed, 16 Oct 2019 14:14:49 +0200},
  biburl    = {https://dblp.org/rec/conf/isca/BalakrishnanRUL05.bib},
  bibsource = {dblp computer science bibliography, https://dblp.org}
}

@inproceedings{suleman_2007,
  title={Asymmetric Chip Multiprocessors: Balancing Hardware Efficiency and Programmer Efficiency},
  author={M. Suleman and Y. Patt and E. Sprangle and Anwar Rohillah and A. Ghuloum and D. Carmean},
  year={2007}
}

@inproceedings{kumar_2003,
  author    = {Rakesh Kumar and
               Keith I. Farkas and
               Norman P. Jouppi and
               Parthasarathy Ranganathan and
               Dean M. Tullsen},
  title     = {Single-ISA Heterogeneous Multi-Core Architectures: The Potential for
               Processor Power Reduction},
  booktitle = {Proceedings of the 36th Annual International Symposium on Microarchitecture,
               San Diego, CA, USA, December 3-5, 2003},
  pages     = {81--92},
  publisher = {{IEEE} Computer Society},
  year      = {2003},
  url       = {https://doi.org/10.1109/MICRO.2003.1253185},
  doi       = {10.1109/MICRO.2003.1253185},
  timestamp = {Wed, 16 Oct 2019 14:14:55 +0200},
  biburl    = {https://dblp.org/rec/conf/micro/KumarFJRT03.bib},
  bibsource = {dblp computer science bibliography, https://dblp.org}
}

@inproceedings{venkat_2014,
  author    = {Ashish Venkat and
               Dean M. Tullsen},
  title     = {Harnessing {ISA} diversity: Design of a heterogeneous-ISA chip multiprocessor},
  booktitle = {{ACM/IEEE} 41st International Symposium on Computer Architecture,
               {ISCA} 2014, Minneapolis, MN, USA, June 14-18, 2014},
  pages     = {121--132},
  publisher = {{IEEE} Computer Society},
  year      = {2014},
  url       = {https://doi.org/10.1109/ISCA.2014.6853218},
  doi       = {10.1109/ISCA.2014.6853218},
  timestamp = {Wed, 16 Oct 2019 14:14:49 +0200},
  biburl    = {https://dblp.org/rec/conf/isca/VenkatT14.bib},
  bibsource = {dblp computer science bibliography, https://dblp.org}
}